@book{priest2008introduction,
  title={An Introduction to Non-Classical Logic: From If to Is},
  author={Priest, Graham},
  year={2008},
  publisher={Cambridge}
}

