
@article{cary2009,
  title = {Hamiltonian Theory of Guiding-Center Motion},
  author = {Cary, John R and Brizard, Alain J},
  year = {2009},
  volume = {81},
  pages = {693--738},
  publisher = {{American Physical Society}},
  doi = {10.1103/RevModPhys.81.693},
  journal = {Rev Mod Phys},
  number = {2}
}

@book{dhaeseleer1991,
  title = {Flux {{Coordinates}} and {{Magnetic Field Structure}}},
  author = {D'haeseleer, William Denis and Hitchon, William Nicholas Guy and Callen, James D. and Shohet, J. Leon},
  year = {1991},
  publisher = {{Springer Berlin Heidelberg}},
  doi = {10.1007/978-3-642-75595-8},
  isbn = {978-3-642-75597-2}
}

@article{lanthaler2017,
  title = {Higher Order {{Larmor}} Radius Corrections to Guiding-Centre Equations and Application to Fast Ion Equilibrium Distributions},
  author = {Lanthaler, S. and Pfefferl{\'e}, D. and Graves, J. P. and Cooper, W. A.},
  year = {2017},
  volume = {59},
  pages = {044014},
  publisher = {{IOP Publishing}},
  doi = {10.1088/1361-6587/aa5e70},
  journal = {Plasma Phys. Control. Fusion},
  number = {4}
}

@article{littlejohn1983,
  title = {Variational Principles of Guiding Centre Motion},
  author = {Littlejohn, Robert G.},
  year = {1983},
  volume = {29},
  pages = {111},
  publisher = {{Cambridge University Press}},
  doi = {10.1017/S002237780000060X},
  journal = {J Plasma Phys},
  number = {01}
}


